<?xml version="1.0" encoding="UTF-8"?><collection xmlns="http://www.loc.gov/MARC21/slim"><record><leader>00416nam--2200133-i-4500</leader><controlfield tag="001">000042261</controlfield><controlfield tag="002">20161230</controlfield><controlfield tag="005">20161230201043</controlfield><controlfield tag="008">060222s1000------------r-----000-0-eng-d</controlfield><datafield ind1=" " ind2=" " tag="080"><subfield code="a">537.534.35(043)</subfield></datafield><datafield ind1=" " ind2=" " tag="100"><subfield code="a">Song,Sun-dal</subfield></datafield><datafield ind1=" " ind2=" " tag="245"><subfield code="a">Aufbau und test einer andordnung zur photonenstimulierten felddesorption mittels excimerlaser und flugzeitmassenspektrometrie</subfield></datafield><datafield ind1=" " ind2=" " tag="260"><subfield code="a">Berlin, Univ.,1992. 105 P</subfield></datafield><datafield ind1=" " ind2=" " tag="852"><subfield code="a">79988</subfield></datafield></record></collection>